@misc{magnVeldHelmholtz,
	author = {Kuns, Kevin},
	title = {Calculation of Magnetic Field Inside Plasma Chamber},
	year = 2007,
	month = aug,
	howpublished = {\url{http://plasmalab.pbwiki.com/f/bfield.pdf}}
}
@misc{WMM,
	author = {National Geophysical Data Center},
	title = {World Magnetic Model 2010},
	year = 2010,
	howpublished = {\url{http://www.ngdc.noaa.gov/geomag/WMM/DoDWMM.shtml}}
}
